@Book{xie2015,
  title = {Dynamic Documents with {R} and knitr},
  author = {Yihui Xie},
  publisher = {Chapman and Hall/CRC},
  address = {Boca Raton, Florida},
  year = {2015},
  edition = {2nd},
  note = {ISBN 978-1498716963},
  url = {http://yihui.org/knitr/},
}


@article{peyton_lengthweight_2016,
	title = {Length–weight relationships for common juvenile fishes and prey species in {Hawaiian} estuaries},
	volume = {32},
	issn = {0175-8659, 1439-0426},
	url = {https://onlinelibrary.wiley.com/doi/10.1111/jai.12957},
	doi = {10.1111/jai.12957},
	language = {en},
	number = {3},
	urldate = {2021-03-18},
	journal = {Journal of Applied Ichthyology},
	author = {Peyton, K. A. and Sakihara, T. S. and Nishiura, L. K. and Shindo, T. T. and Shimoda, T. E. and Hau, S. and Akiona, A. and Lorance, K.},
	month = jun,
	year = {2016},
	pages = {499--502},
	file = {Full Text:/Users/ahorst/Zotero/storage/WLP9DAQD/Peyton et al. - 2016 - Length–weight relationships for common juvenile fi.pdf:application/pdf}
}

@article{coelingh_analysis_1998,
	title = {Analysis of wind speed observations on the {North} {Sea} coast},
	volume = {73},
	issn = {01676105},
	url = {https://linkinghub.elsevier.com/retrieve/pii/S0167610597002857},
	doi = {10.1016/S0167-6105(97)00285-7},
	language = {en},
	number = {2},
	urldate = {2021-03-18},
	journal = {Journal of Wind Engineering and Industrial Aerodynamics},
	author = {Coelingh, J.P. and van Wijk, A.J.M. and Holtslag, A.A.M.},
	month = feb,
	year = {1998},
	pages = {125--144}
}



